@article{EQC,
    title = {EXPLICIT QUANTUM CIRCUITS FOR BLOCK ENCODINGS OF CERTAIN SPARSE MATRICES},
    author = {Camps, Daan and Lin, Lin and Van Beeumen, Roel and Yang, Chao},
    journal = {arXiv preprint arXiv:2203.10236v4},
    year = {2023},
    month = {May}
}

@inproceedings{Gilyen2019,
    series = {STOC ’19},
    title = {Quantum singular value transformation and beyond: exponential improvements for quantum matrix arithmetics},
    url = {http://dx.doi.org/10.1145/3313276.3316366},
    doi = {10.1145/3313276.3316366},
    booktitle = {Proceedings of the 51st Annual ACM SIGACT Symposium on Theory of Computing},
    publisher = {ACM},
    author = {Gilyén, András and Su, Yuan and Low, Guang Hao and Wiebe, Nathan},
    year = {2019},
    month = jun,
    pages = {193-204},
    collection = {STOC '19}
}

@article{low2017optimal,
    title = {Optimal Hamiltonian simulation by quantum signal processing},
    author = {Low, Guang Hao and Chuang, Isaac L},
    journal = {Physical review letters},
    volume = {118},
    number = {1},
    pages = {010501},
    year = {2017},
    publisher = {APS}
}

@article{chakraborty2018power,
    title = {The power of block-encoded matrix powers: improved regression techniques via faster Hamiltonian simulation},
    author = {Chakraborty, Shantanav and Gily{\'e}n, Andr{\'a}s and Jeffery, Stacey},
    journal = {arXiv preprint arXiv:1804.01973},
    year = {2018}
}

@inproceedings{berry2015hamiltonian,
    title = {Hamiltonian simulation with nearly optimal dependence on all parameters},
    author = {Berry, Dominic W and Childs, Andrew M and Kothari, Robin},
    booktitle = {2015 IEEE 56th annual symposium on foundations of computer science},
    pages = {792--809},
    year = {2015},
    organization = {IEEE}
}

@inproceedings{camps2022fable,
    title = {Fable: Fast approximate quantum circuits for block-encodings},
    author = {Camps, Daan and Van Beeumen, Roel},
    booktitle = {2022 IEEE International Conference on Quantum Computing and Engineering (QCE)},
    pages = {104--113},
    year = {2022},
    organization = {IEEE}
}

@article{keip2025qclab,
    title = {QCLAB: A Matlab Toolbox for Quantum Computing},
    author = {Keip, Sophia and Camps, Daan and Van Beeumen, Roel},
    journal = {arXiv preprint arXiv:2503.03016},
    year = {2025}
}

@inproceedings{wille2019ibm,
    title = {IBM’s Qiskit tool chain: Working with and developing for real quantum computers},
    author = {Wille, Robert and Van Meter, Rod and Naveh, Yehuda},
    booktitle = {2019 Design, Automation \& Test in Europe Conference \& Exhibition (DATE)},
    pages = {1234--1240},
    year = {2019},
    organization = {IEEE}
}